<?xml version="1.0" encoding="UTF-8"?><collection xmlns="http://www.loc.gov/MARC21/slim"><record><leader>00369nam--2200121-i-4500</leader><controlfield tag="001">000009640</controlfield><controlfield tag="002">20161230</controlfield><controlfield tag="005">20161230201028</controlfield><controlfield tag="008">060222s1000------------r-----000-0-eng-d</controlfield><datafield ind1=" " ind2=" " tag="245"><subfield code="a">Din activitatile icpe in anul 1970</subfield></datafield><datafield ind1=" " ind2=" " tag="260"><subfield code="a">Bucuresti, M.I.C.M., Institutul De Cercetare Si Proiectare Pentru Industria Electrotehnica, 1971</subfield></datafield><datafield ind1=" " ind2=" " tag="490"><subfield code="a">Vi+122p</subfield></datafield><datafield ind1=" " ind2=" " tag="852"><subfield code="a">061.65(047:498)</subfield></datafield></record></collection>